@article{trafton,
    author = {Anne Trafton},
    title = {{Synchronized Brain Waves Enable Rapid Learning}},
    journal = {MIT NEWS on campus and around the world},
    year = 2014
}

@article{data,
	author = {John Chuang and Nick Merrill and Thomas Maillart and Students of the UC Berkeley Spring 2015 MIDS Immersion Class.},
	title = {{Synchronized Brainwave Recordings from a Group Presented with a Common Audio-Visual Stimulus}},
	year = {2015}
}

@article{mcmc,
 	title = {MCMC Methods for Multi-Response Generalized Linear Mixed Models: The {MCMCglmm} {R} Package},
 	author = {Jarrod D Hadfield},
 	journal = {Journal of Statistical Software},
 	year = {2010},
 	volume = {33},
 	number = {2},
 	pages = {1--22},
 	url = {http://www.jstatsoft.org/v33/i02/},
}

@article{lme4,
 	title = {{Fitting Linear Mixed-Effects Models Using {lme4}}},
 	author = {Douglas Bates and Martin M{\"a}chler and Ben Bolker and Steve Walker},
 	journal = {Journal of Statistical Software},
 	year = {2015},
 	volume = {67},
 	number = {1},
 	pages = {1--48},
 	doi = {10.18637/jss.v067.i01},
}
 
@article{zhao06,
	title = {{General design Bayesian generalized linear mixed models}},
	author = {Y Zhao and J Staudenmayer and BA Coull and MP Wand},
	year = {2006},
	journal = {Statistical Science},
	volume = {21},
	number = {1},
	pages = { 35â€“-51}
}

@misc{Giorgio,
	author = {Laura De Giorgio},
	title = {{Brainwave Synchronization}},
	howpublished = "\url{http://www.deeptrancenow.com/brainwave_synchronization.htm}",
	year = {2014}
}

@misc{infinisync,
	title = {{INFINISYNC}},
	howpublished = "\url{http://infinisync.org/meditation/benefits-of-brainwave-synchronization/}",
	year = {2016}
}

